@article{lamport1982byzantine,
  title={The Byzantine generals problem},
  author={Lamport, Leslie and Shostak, Robert and Pease, Marshall},
  journal={ACM Transactions on Programming Languages and Systems (TOPLAS)},
  volume={4},
  number={3},
  pages={382--401},
  year={1982},
  publisher={ACM}
}

@article{fischer1982lower,
  title={A lower bound for the time to assure interactive consistency},
  author={Fischer, Michael J and Lynch, Nancy A},
  journal={Information Processing Letters},
  volume={14},
  number={4},
  pages={183--186},
  year={1982},
  publisher={Elsevier}
}

@article{schmid2009impossibility,
  title={Impossibility results and lower bounds for consensus under link failures},
  author={Schmid, Ulrich and Weiss, Bettina and Keidar, Idit},
  journal={SIAM Journal on Computing},
  volume={38},
  number={5},
  pages={1912--1951},
  year={2009},
  publisher={SIAM}
}

@article{biely2011synchronous,
  title={Synchronous consensus under hybrid process and link failures},
  author={Biely, Martin and Schmid, Ulrich and Weiss, Bettina},
  journal={Theoretical computer science},
  volume={412},
  number={40},
  pages={5602--5630},
  year={2011},
  publisher={Elsevier}
}

@article{santoro2007agreement,
  title={Agreement in synchronous networks with ubiquitous faults},
  author={Santoro, Nicola and Widmayer, Peter},
  journal={Theoretical Computer Science},
  volume={384},
  number={2},
  pages={232--249},
  year={2007},
  publisher={Elsevier}
}

@article{fischer1985impossibility,
  title={Impossibility of distributed consensus with one faulty process},
  author={Fischer, Michael J and Lynch, Nancy A and Paterson, Michael S},
  journal={Journal of the ACM (JACM)},
  volume={32},
  number={2},
  pages={374--382},
  year={1985},
  publisher={ACM}
}

@incollection{santoro1989time,
  title={Time is not a healer},
  author={Santoro, Nicola and Widmayer, Peter},
  booktitle={STACS 89},
  pages={304--313},
  year={1989},
  publisher={Springer}
}


@article{dolev1982byzantine,
  title={The Byzantine generals strike again},
  author={Dolev, Danny},
  journal={Journal of algorithms},
  volume={3},
  number={1},
  pages={14--30},
  year={1982},
  publisher={Elsevier}
}

@article{dwork1988consensus,
  title={Consensus in the presence of partial synchrony},
  author={Dwork, Cynthia and Lynch, Nancy and Stockmeyer, Larry},
  journal={Journal of the ACM (JACM)},
  volume={35},
  number={2},
  pages={288--323},
  year={1988},
  publisher={ACM}
}

@article{fischer1986easy,
  title={Easy impossibility proofs for distributed consensus problems},
  author={Fischer, Michael J and Lynch, Nancy A and Merritt, Michael},
  journal={Distributed Computing},
  volume={1},
  number={1},
  pages={26--39},
  year={1986},
  publisher={Springer}
}

@article{liptak2000broadcasting,
  title={Broadcasting in complete networks with dynamic edge faults},
  author={Lipt{\'a}k, Zsuzsanna and Ak, Arfst Nickelsen},
  year={2000},
  publisher={Citeseer}
}

@article{pease1980reaching,
  title={Reaching agreement in the presence of faults},
  author={Pease, Marshall and Shostak, Robert and Lamport, Leslie},
  journal={Journal of the ACM (JACM)},
  volume={27},
  number={2},
  pages={228--234},
  year={1980},
  publisher={ACM}
}

@incollection{santoro1990distributed,
  title={Distributed function evaluation in the presence of transmission faults},
  author={Santoro, Nicola and Widmayer, Peter},
  booktitle={Algorithms},
  pages={358--367},
  year={1990},
  publisher={Springer}
}

@inproceedings{schmid2002formally,
  title={Formally verified byzantine agreement in presence of link faults},
  author={Schmid, Ulrich and Weiss, Bettina and Rushby, John},
  booktitle={Distributed Computing Systems, 2002. Proceedings. 22nd International Conference on},
  pages={608--616},
  year={2002},
  organization={IEEE}
}

@book{lynch1996distributed,
  title={Distributed algorithms},
  author={Lynch, Nancy A},
  year={1996},
  publisher={Morgan Kaufmann}
}

@article{perry1986distributed,
  title={Distributed agreement in the presence of processor and communication faults},
  author={Perry, Kenneth J and Toueg, Sam},
  journal={Software Engineering, IEEE Transactions on},
  number={3},
  volume={12},
  pages={477--482},
  year={1986},
  publisher={IEEE}
}

@inproceedings{thambidurai1988interactive,
  title={Interactive consistency with multiple failure modes},
  author={Thambidurai, Philip and Park, You-Keun},
  booktitle={Reliable Distributed Systems, 1988. Proceedings., Seventh Symposium on},
  pages={93--100},
  year={1988},
  organization={IEEE}
}

@inproceedings{lincoln1993formally,
  title={A formally verified algorithm for interactive consistency under a hybrid fault model},
  author={Lincoln, Patrick and Rushby, John},
  booktitle={Fault-Tolerant Computing, 1993. FTCS-23. Digest of Papers., The Twenty-Third International Symposium on},
  pages={402--411},
  year={1993},
  organization={IEEE}
}

@article{schmid2009impossibility,
  title={Impossibility results and lower bounds for consensus under link failures},
  author={Schmid, Ulrich and Weiss, Bettina and Keidar, Idit},
  journal={SIAM Journal on Computing},
  volume={38},
  number={5},
  pages={1912--1951},
  year={2009},
  publisher={SIAM}
}

@book{gray1978notes,
  title={Notes on data base operating systems},
  author={Gray, James N},
  year={1978},
  publisher={Springer}
}

@article{gong1998byzantine,
  title={Byzantine agreement with authentication: Observations and applications in tolerating hybrid and link faults},
  author={Gong, Li and Lincoln, Patrick and Rushby, John},

   journal={Dependable Computing and Fault Tolerant Systems},
  volume={10},
  pages={139--158},
  year={1998},
   publisher={Springer}
}

@inproceedings{delporte2011byzantine,
  title={Byzantine agreement with homonyms},
  author={Delporte-Gallet, Carole and Fauconnier, Hugues and Guerraoui, Rachid and Kermarrec, Anne-Marie and Ruppert, Eric and others},
  booktitle={Proceedings of the 30th annual ACM SIGACT-SIGOPS symposium on Principles of distributed computing},
  pages={21--30},
  year={2011},
  organization={ACM}
}

@incollection{angluin2006stabilizing,
  title={Stabilizing consensus in mobile networks},
  author={Angluin, Dana and Fischer, Michael J and Jiang, Hong},
  booktitle={Distributed Computing in Sensor Systems},
  pages={37--50},
  year={2006},
  publisher={Springer}
}

@article{dolev1982efficient,
  title={An efficient algorithm for Byzantine agreement without authentication},
  author={Dolev, Danny and Fischer, Michael J and Fowler, Rob and Lynch, Nancy A and Raymond Strong, H},
  journal={Information and Control},
  volume={52},
  number={3},
  pages={257--274},
  year={1982},
  publisher={Elsevier}
}

@inproceedings{fischer1983consensus,
  title={The consensus problem in unreliable distributed systems (a brief survey)},
  author={Fischer, Michael J},
  booktitle={Foundations of Computation Theory},
  pages={127--140},
  year={1983},
  organization={Springer}
}

@inproceedings{rabin1983randomized,
  title={Randomized byzantine generals},
  author={Rabin, Michael O},
  booktitle={Foundations of Computer Science, 1983., 24th Annual Symposium on},
  pages={403--409},
  year={1983},
  organization={IEEE}
}

@inproceedings{braud2013fast,
  title={Fast byzantine agreement},
  author={Braud-Santoni, Nicolas and Guerraoui, Rachid and Huc, Florian},
  booktitle={Proceedings of the 2013 ACM symposium on Principles of distributed computing},
  pages={57--64},
  year={2013},
  organization={ACM}
}

@article{dwork1988fault,
  title={Fault tolerance in networks of bounded degree},
  author={Dwork, Cynthia and Peleg, David and Pippenger, Nicholas and Upfal, Eli},
  journal={SIAM Journal on Computing},
  volume={17},
  number={5},
  pages={975--988},
  year={1988},
  publisher={SIAM}
}

@incollection{king2011load,
  title={Load balanced scalable byzantine agreement through quorum building, with full information},
  author={King, Valerie and Lonargan, Steven and Saia, Jared and Trehan, Amitabh},
  booktitle={Distributed Computing and Networking},
  pages={203--214},
  year={2011},
  publisher={Springer}
}

@article{charron2009heard,
  title={The Heard-Of model: computing in distributed systems with benign faults},
  author={Charron-Bost, Bernadette and Schiper, Andr{\'e}},
  journal={Distributed Computing},
  volume={22},
  number={1},
  pages={49--71},
  year={2009},
  publisher={Springer}
}

@techreport{toueg1984simple,
      title={Simple and Efficient Byzantine General Algorithms with Early Stopping},
        author={Toueg, Sam and Perry, Kenneth J and Srikanth, TK},
          year={1984},
            institution={Cornell University}
}

@article{srikanth1987optimal,
  title={Optimal clock synchronization},
  author={Srikanth, TK and Toueg, Sam},
  journal={Journal of the ACM (JACM)},
  volume={34},
  number={3},
  pages={626--645},
  year={1987},
  publisher={ACM}
}

@incollection{tseng2013iterative,
  title={Iterative approximate byzantine consensus under a generalized fault model},
  author={Tseng, Lewis and Vaidya, Nitin},
  booktitle={Distributed Computing and Networking},
  pages={72--86},
  year={2013},
  publisher={Springer}
}

@incollection{franklin1998secure,
  title={Secure communication in minimal connectivity models},
  author={Franklin, Matthew and Wright, Rebecca N},
  booktitle={Advances in Cryptologyâ€”EUROCRYPT'98},
  pages={346--360},
  year={1998},
  publisher={Springer}
}

@inproceedings{amitanand2003distributed,
  title={Distributed consensus in the presence of sectional faults},
  author={Amitanand, S and Sanketh, I and Srinathant, K and Vinod, V and Rangan, C Pandu},
  booktitle={Proceedings of the twenty-second annual symposium on Principles of distributed computing},
  pages={202--210},
  year={2003},
  organization={ACM}
}

@techreport{lamport1982crash,
  title={Byzantine generals and transaction commit protocols},
  author={Lamport, Leslie and Fischer, Michael},
  year={1982},
  institution={Technical Report 62, SRI International}
}

@inproceedings{dolev1982polynomial,
  title={Polynomial algorithms for multiple processor agreement},
  author={Dolev, Danny and Strong, H Raymond},
  booktitle={Proceedings of the fourteenth annual ACM symposium on Theory of computing},
  pages={401--407},
  year={1982},
  organization={ACM}
}

@article{dwork1990knowledge,
  title={Knowledge and common knowledge in a Byzantine environment: Crash failures},
  author={Dwork, Cynthia and Moses, Yoram},
  journal={Information and Computation},
  volume={88},
  number={2},
  pages={156--186},
  year={1990},
  publisher={Elsevier}
}
